@article{ohagan_irs,
Author = {O'Hagan, D. W. and Ummenhofer, M. and Kuschel, H. and Heckenbach, J.},
Title = {A Passive/Active Dual Mode Radar Concept},
Journal = {Proceedings of the International Radar Symposium},
Volume = {},
Number = {},
Pages = {136 - 142},
Year = {2013} }

@INPROCEEDINGS{inggs:09a,
     author = {Inggs, Michael Raymond and Brooker, Marc John},
   keywords = {09RRSGCP, multistatic, radar, simulation},
      month = feb,
      title = {{Extensible Simulator for Waveform Diversity Testing}},
  booktitle = {Proceedings of the 4th Waveform Diversity and Design Conference},
       year = {2009},
   location = {Orlando Florida}
}

@PHDTHESIS{Brooker:2008c,
    author = {Brooker, Marc John},
  keywords = {08RRSGPT},
     month = jun,
     title = {{The Design and Implementation of a Simulator for Multistatic Radar Systems}},
      type = {Doctoral Thesis},
      year = {2008},
    school = {University of Cape Town},
   address = {Rondebosch, 7701, South Africa}
 
}


@PHDTHESIS{tong:14,
    author = {Tong, Craig},
     month = feb,
     title = {{A Scalable Real-time Processing Chain for Radar Exploiting Illuminators of Opportunity}},
      year = {2014},
    school = {University of Cape Town},
    
   address = {Rondebosch, 7701, South Africa}
  
}


@article{villano:13,
author={Michelangelo Villano and Fabiola Colone and Pierfrancesco Lombardo}, 
title={{Antenna Array for Passive Radar: Configuration Design and Adaptive Approaches to Disturbance Cancellation}},
journal= {International Journal of Antennas and Propagation},
volume={2013}, 
number={Article ID 920639}, 
pages={16 pages}, 
year={2013},
DOI={10.1155/2013/920639}



}

@INPROCEEDINGS{6651949, 
author={Griffiths, H.}, 
booktitle={Radar (Radar), 2013 International Conference on}, 
title={Where has all the spectrum gone?}, 
year={2013}, 
month={Sept}, 
pages={1-5}, 
keywords={air traffic control;electromagnetic waves;radar tracking;radio broadcasting;radionavigation;television broadcasting;EM spectrum;Earth resources;RF spectrum;air traffic control;automotive safety;defence;finite resource;geophysical monitoring;marine navigation;radar;radio broadcasting;radionavigation;security;spectrum congestion problem;television broadcasting;weather tracking;Bandwidth;Bistatic radar;Interference;Microwave filters;Radio transmitters;Receivers;EM spectrum;passive bistatic radar;waveform diversity}, 
doi={10.1109/RADAR.2013.6651949},}

@misc{baugh:03,
  title={Civil aviation passive coherent location system and method},
  author={Baugh, K.W. and Benner, R. and Lodwig, R.},
  url={https://www.google.com.tr/patents/EP1344083A2?cl=en},
  year={2003},
  month=sep # "~17",
  publisher={Google Patents},
  note={EP Patent App. EP20,010,979,880}
}


@article{morrison:07a,
  title={The gauss-newton algorithm in passive aircraft tracking using doppler and bearings},
  author={Morrison, Norman and Lord, Richard Thomas and Inggs, Michael Raymond},
  year={2007},
  publisher={IET}
}
@inproceedings{morrison:07b,
  title={The Gauss-Newton algorithm applied to track-while-scan radar},
  author={Morrison, Norman and Lord, Richard Thomas and Inggs, Michael Raymond},
  booktitle={Radar Systems, 2007 IET International Conference on},
  pages={1--5},
  year={2007},
  organization={IET}
}
@inproceedings{nadjiasngar2011new,
  title={A new probabilistic data association filter based on composite expanding and fading memory polynomial filters},
  author={Nadjiasngar, Roaldje and Inggs, Michael and Paichard, Yoann and Morrison, Norman},
  booktitle={Radar Conference (RADAR), 2011 IEEE},
  pages={152--156},
  year={2011},
  organization={IEEE}
}
@inproceedings{paichard2009multistatic,
  title={Multistatic passive coherent location radar systems},
  author={Paichard, Y and Inggs, MR},
  booktitle={Radar Conference, 2009. EuRAD 2009. European},
  pages={45--48},
  year={2009},
  organization={IEEE}
}
@article{inggs2014planning,
  title={Planning and design phases of a commensal radar system in the FM broadcast band},
  author={Inggs, Michael and Tong, Craig and Nadjiasngar, Roaldje and Lange, Gunther and Mishra, Amit and Maasdorp, Francois},
  journal={Aerospace and Electronic Systems Magazine, IEEE},
  volume={29},
  number={7},
  pages={50--63},
  year={2014},
  publisher={IEEE}
}

@inproceedings{tong:12,
  title={Towards a MIMO radar based on commensal use of FM Broadcast transmitters of opportunity},
  author={Tong, Craig and Inggs, Michael and Mishra, Amit},
  booktitle={Synthetic Aperture Radar, 2012. EUSAR. 9th European Conference on},
  pages={283--286},
  year={2012},
  organization={VDE}
}
@inproceedings{tong2011processing,
  title={Processing design of a networked passive coherent location system},
  author={Tong, Craig and Inggs, Michael and Lange, Gunther},
  booktitle={Radar Conference (RADAR), 2011 IEEE},
  pages={692--697},
  year={2011},
  organization={IEEE}
}
@inproceedings{maasdorp2014cramer,
  title={A Cramer Rao analysis on receiver placement in a FM band Commensal Radar system based on Doppler only measurements},
  author={Maasdorp, FDV and Nadjiasngar, R and Inggs, MR},
  booktitle={Radar Conference (Radar), 2014 International},
  pages={1--6},
  year={2014},
  organization={IEEE}
}

@article{westra:09,
  title={{Radar versus Stealth: Passive Radar and the Future of U.S. Military
Power}},
  author={Westra, A.G.},
  journal={JFQ},
  number={55},
  year={2009},
  month={October},
  publisher={National Defense University,Institute for National Strategic Studies},
  address={260 5th Avenue SW Fort Lesley J. McNair,Washington,DC,20319}
}


@misc{inggs:14j,
  title={Symbiotic radar and communication system},
  author={Wilson-Langman, A. and INGGS, M.R. and MISHRA, A.K.},
  url={http://www.google.com/patents/WO2014125447A1?cl=en},
  year={2014},
  month=aug # "~21",
  publisher={Google Patents},
  note={WO Patent App. PCT/IB2014/059,036}
}

@book{willis:05,
  title={Bistatic radar},
  author={Willis, Nicholas J},
  year={2005},
  publisher={SciTech Publishing}
}

@INPROCEEDINGS{zheng:08, 
author={Heng Zheng and Hongli Zhao and Fei Li}, 
booktitle={Radar Conference, 2008. RADAR '08. IEEE}, 
title={Accidental radio jamming suppression in passive radar}, 
year={2008}, 
month={May}, 
pages={1-5}, 
abstract={Bistatic passive radar based on opportunity illuminators such as FM radio, is a hotspot in the domain of radar. The direct/multi-path signals cancellation techniques(DSC) have been discussed by many scholars. These considered algorithms adopt a single-stage adaptive filter processor frame, have sufficient performance in the cancellation of the direct/multi-path interference signals from the selected transmitter. In practice, because of the complicated atmospheric propagation influence (as maritime evaporation ducts), or the active radio jamming, the single-stage DSC would be invalid. In this paper, we propose a two-stage canceller to suppress the direct interferences and the jamming of the unknown radio at the same frequency. Field experiments and simulations validate our proposition. After direct/multi-path signals being cancelled in the first stage, the second stage of the canceller can improve the jamming suppression above 20 dB.}, 
keywords={FM radar;adaptive filters;interference suppression;jamming;passive radar;radar interference;radar signal processing;FM radio;accidental radio jamming suppression;atmospheric propagation;bistatic passive radar;direct signal cancellation technique;multipath interference signal;single-stage adaptive filter processor frame;Adaptive filters;Ducts;Frequency;Interference cancellation;Interference suppression;Jamming;Passive radar;Radio transmitters;Radiofrequency interference;Signal processing;anti-jamming;passive radar;two-stage canceller}, 
doi={10.1109/RADAR.2008.4721054}, 
ISSN={1097-5659},}

@book{kulpa:13,
  title={Signal Processing in Noise Waveform Radar: },
  author={Kulpa, K.},
  isbn={9781608076611},
  lccn={2013370254},
  series={Radar},
  @url={https://books.google.co.za/books?id=agIgAgAAQBAJ},
  year={2013},
  publisher={Artech House}
  }
  
 @book{willis:07,
  title={Advances in bistatic radar},
  author={Willis, Nicholas J and Griffiths, Hugh},
  year={2007},
  publisher={SciTech Publishing}
}

@inproceedings{o2009passive,
  title={Passive bistatic radar analysis},
  author={O'Hagan, Daniel W and Kuschel, H and Schiller, Joachim},
  booktitle={Photonics Applications in Astronomy, Communications, Industry, and High-Energy Physics Experiments 2009},
  pages={75020Q--75020Q},
  year={2009},
  organization={International Society for Optics and Photonics}
}

@inproceedings{jamil2012multi,
  title={A multi-band multi-beam software-defined passive radar Part I: System design},
  author={Jamil, Khalid and Alam, Mubashir and Hadi, M Abdul and Alhekail, Zeyad O},
  booktitle={Radar Systems (Radar 2012), IET International Conference on},
  pages={1--4},
  year={2012},
  organization={IET}
}

@inproceedings{o2013passive,
  title={A passive/active dual mode radar concept},
  author={O'Hagan, DW and Ummenhofer, M and Kuschel, H and Heckenbach, J},
  booktitle={Radar Symposium (IRS), 2013 14th International},
  volume={1},
  pages={136--142},
  year={2013},
  organization={IEEE}
}

@article{wang2011mismatched,
  title={Mismatched filter for analogue TV-based passive bistatic radar},
  author={Wang, H and Wang, J and Zhong, L},
  journal={Radar, Sonar \& Navigation, IET},
  volume={5},
  number={5},
  pages={573--581},
  year={2011},
  publisher={IET}
}

@article{wu2011simplified,
  title={Simplified RLS-Type Algorithm-Based Clutter Suppression for Passive Bistatic Radar},
  author={WU, Hao and SU, Wei-min and GU, Hong},
  journal={Journal of Astronautics},
  volume={10},
  pages={021},
  year={2011}
}

@article{fabrizio2009adaptive,
  title={Adaptive beamforming for high-frequency over-the-horizon passive radar},
  author={Fabrizio, G and Colone, F and Lombardo, P and Farina, A},
  journal={IET radar, sonar \& navigation},
  volume={3},
  number={4},
  pages={384--405},
  year={2009},
  publisher={IET}
}

@article{villano2013antenna,
  title={Antenna Array for Passive Radar: Configuration Design and Adaptive Approaches to Disturbance Cancellation},
  author={Villano, Michelangelo and Colone, Fabiola and Lombardo, Pierfrancesco},
  journal={International Journal of Antennas and Propagation},
  volume={2013},
  year={2013},
  publisher={Hindawi Publishing Corporation}
}

@article{howland2008passive,
  title={Passive bistatic radar systems},
  author={Howland, Paul E and Griffiths, Hugh D and Baker, Chris J},
  journal={Bistatic Radar: Emerging Technology},
  pages={394},
  year={2008},
  publisher={Chichester, UK: Wiley}
}

@article{malanowski2014analysis,
  title={Analysis of detection range of FM-based passive radar},
  author={Malanowski, Mateusz and Kulpa, Krzysztof and Kulpa, Janusz and Samczynski, Piotr and Misiurewicz, Jacek},
  journal={IET Radar, Sonar \& Navigation},
  volume={8},
  number={2},
  pages={153--159},
  year={2014},
  publisher={IET}
}

@article{song2009overview,
  title={Overview of passive radar technology based on non-cooperative radar illuminator},
  author={Song, Jie and He, You and Cai, Fu-qing and TANG, Xiao-ming},
  journal={Systems Engineering and Electronics},
  volume={31},
  number={9},
  pages={2151--2156},
  year={2009}
}

@inproceedings{daum2009mimo,
  title={MIMO radar: Snake oil or good idea?},
  author={Daum, Fred and Huang, Jim},
  booktitle={Waveform Diversity and Design Conference, 2009 International},
  pages={113--117},
  year={2009},
  organization={IEEE}
}

@article{qu2008analysis,
  title={Analysis of phase-comparison passive-radar-seeker angle measurement with decoy of coherent source [J]},
  author={QU, Zhi-yu and SI, Xi-cai and XIE, Ji-ling},
  journal={Systems Engineering and Electronics},
  volume={5},
  pages={011},
  year={2008}
}

@article{thomas2007drm,
  title={DRM signals for HF passive bistatic radar},
  author={Thomas, JM and Baker, CJ and Griffiths, HD},
  year={2007},
  publisher={IET}
}

@article{li2010research,
  title={Research on Jamming Suppression in Passive Detection System Based on FM Broadcast [J]},
  author={LI, Fei and ZHAO, Hong-li and ZHENG, Heng},
  journal={Radar Science and Technology},
  volume={1},
  pages={000},
  year={2010}
}

@techreport{johnsen2006bi,
  title={Bi-and multistatic radar},
  author={Johnsen, Terje and Olsen, Karl E},
  year={2006},
  institution={DTIC Document}
}

@article{hawkins1997opportunistic,
  title={An opportunistic bistatic radar},
  author={Hawkins, JM},
  year={1997},
  publisher={IET}
}

@inproceedings{glaser1986fifty,
  title={Fifty years of bistatic and multistatic radar},
  author={Glaser, JI},
  booktitle={IEE Proceedings F (Communications, Radar and Signal Processing)},
  volume={133},
  number={7},
  pages={596--603},
  year={1986},
  organization={IET}
}

@article{he2007analysis,
  title={Analysis of Locating Precision of Passive Radar [J]},
  author={He, Huan and Yang, Chun-Shan and Fu, Wen-Bin},
  journal={Modern Radar},
  volume={5},
  pages={000},
  year={2007}
}

@article{neng1995radar,
  title={Radar ECCMs new area: anti-stealth and anti-ARM},
  author={Neng-Jing, Li},
  journal={Aerospace and Electronic Systems, IEEE Transactions on},
  volume={31},
  number={3},
  pages={1120--1127},
  year={1995},
  publisher={IEEE}
}

@book{chernyak1998fundamentals,
  title={Fundamentals of multisite radar systems: multistatic radars and multistatic radar systems},
  author={Chernyak, Victor S},
  year={1998},
  publisher={CRC Press}
}

@INPROCEEDINGS{UCT_SepRefResults:2013,
     author = {Tong, Craig and Maasdorp, Francois and Inggs, Michael Raymond},
      month = {{S}ep},
      title = {Performance Improvements using the Separated Reference Configuration in a Multi-Site Commensal Radar System},
  booktitle = {International Conference on Radar},
       year = {2013},
      pages = {1 - 6},
}
