@book{skolnik1,
   Author = {Merrill I. Skolnik},
   Title = {Introduction to Radar Systems, 3rd Edition},
   Pages = {1},
   Publisher = {McGraw-Hill},
      Year = {2001} }


@book{willis,
   Author = {Nicholas J. Willis},
   Title = {Bistatic Radar, 2nd Edition},
   Publisher = {Technology Service Corporation},
      Year = {1995} }


@book{willis1,
   Author = {Nicholas J. Willis and Hugh D. Griffiths},
   Title = {Advances in Bistatic Radar},
   Publisher = {Scitech},
      Year = {2007} }


@book{griffiths1,
   Author = {Hugh D. Griffiths},
   Title = {Radar Systems Lecture Notes},
   Pages = {1},
   Publisher = {University College London},
      Year = {2009} }


@article{howland2005,
   Author = {P. E. Howland and D. Maksimiuk and G. Reitsma},
   Title = {\mbox{FM} radio based bistatic radar},
   Journal = {IEE Proceedings on Radar Sonar and Navigation},
   Volume = {152},
   Number = {3},
   Pages = {107 - 115},
      Year = {2005} }

@article{hoyuela2005,
   Author = {C. Meier Hoyuela and A. J. Terzuoli and R. P. Wasky},
   Title = {Determining possible receiver locations for passive radar},
   Journal = {IEE Proceedings on Radar Sonar and Navigation},
   Volume = {152},
   Number = {3},
   Pages = {206 - 214},
      Year = {2005} }


@article{griffiths1986,
   Author = {H. D. Griffiths and N. R. W. Long},
   Title = {Television-based bistatic radar},
   Journal = {IEE Proceedings F (Communications Radar and Signal Processing)},
   Volume = {133},
   Number = {7},
   Pages = {649 - 657},
   Year = {1986} }



@article{howland1999,
   Author = {Howland, P. E.},
   Title = {Target tracking using television-based bistatic radar},
   Journal = {IEE Proceedings on Radar Sonar and Navigation},
   Volume = {146},
   Number = {3},
   Pages = {166 - 174},
      Year = {1999} }

@article{zoeller,
   Author = {C. L. Zoeller and M. C. Budge and M. Moody},
   Title = {Passive coherent location radar demonstration},
   Journal = {Proceedings of Thirty-Fourth Southeastern Symp. on System Theory},
   Volume = {},
   Number = {},
   Pages = {358 - 362},
      Year = {18 - 19th March 2002} }
      
@conference{edrich1,
   Author = {A. Schroeder and M. Edrich and W. Winkler},
   Title = {Multi-illuminator Passive Radar performance evaluation},
   Booktitle = {13th International Radar Symposium (IRS)},
   Pages = {61 - 64},
   Year = {2012} }    }

@INPROCEEDINGS{pollard, 
author={Gould, Dale and Pollard, Robert and Sarno, Carlos and Tittensor, Paul}, 
booktitle={Radar Systems, 2007 {IET} International Conference on}, 
title={Developments to a multiband passive radar demonstrator system}, 
year={2007}, 
month={Oct}, 
pages={1-5}, 
keywords={DAB;DVB-T;Multiband;Passive;Radar}, 
ISSN={0537-9989},}


@article{sahr,
   Author = {A. N. Morabito and M. G. Meyer and J. D. Sahr},
   Title = {Improved computational performance for distributed passive radar processing through channelised data},
   Journal = {IEE Proceedings on Radar Sonar and Navigation},
   Volume = {152},
   Number = {3},
   Pages = {179 - 184},
      Year = {2005} }



@conference{sahraoc,
   Author = {J. D. Sahr},
   Title = {First light and early experience with the \mbox{ISIS} array},
   Booktitle = {\mbox{AoC} $5^{th}$ Multinational Conference of Passive Covert Radar},
   Pages = {},
   Year = {November 2007} }

@conference{doh,
   Author = {D. W. O'Hagan and M. Ummenhofer and H. Kuschel and J. Heckenbach},
   Title = {A passive/active dual mode radar concept},
   Booktitle = {$14^{th}$ International Radar Symposium},
   Pages = {136 - 142},
   Year = {June 2013} }

@inproceedings{ohagan1,
author={O'Hagan, D.W. and Colone, F. and Baker, C.J. and Griffiths, H.D.}, 
booktitle={Radar Systems, 2007 {IET} International Conference on}, 
title={Passive Bistatic Radar {(PBR)} demonstrator}, 
year={2007}, 
month={Oct}, 
pages={1-5}, 
keywords={Direct Signal Interference (DSI);Passive Bistatic Radar (PBR);analogue-to-digital converter (ADC);illuminators of opportunity}, 
ISSN={0537-9989},}



@inproceedings{ohagan2,
author={O'Hagan, D.W. and Baker, C.J.}, 
booktitle={New Trends for Environmental Monitoring Using Passive Systems, 2008}, 
title={Passive Bistatic Radar {(PBR)} using {FM} radio illuminators of opportunity}, 
year={2008}, 
month={Oct}, 
pages={1-6}, 
keywords={passive radar;radar detection;radio broadcasting;remote sensing by radar;Doppler frequency;FM radio illuminators;Greater London;VHF FM broadcast transmissions;multiple broadcast channels;passenger-jet aircraft;passive bistatic radar;radar signals;Aircraft;Bioreactors;Bistatic radar;Frequency;Ionosphere;Radar detection;Radar scattering;Radio broadcasting;Remote sensing;Signal analysis}, 
doi={10.1109/PASSIVE.2008.4787000},}


@conference{ohagan3,
   Author = {D. W. O'Hagan and A. Zyweck and J. M. Thomas and J. Brown},
   Title = {Challenges in the military application of passive and bistatic radar},
   Booktitle = {IQPC Military Radar 2008, Amsterdam},
   Year = {Oct. 2008} }


@conference{ohagan4,
   Author = {D. W. O'Hagan and C. J. Baker},
   Title = {Passive Bistatic Radar},
   Booktitle = {IQPC Military Radar 2007, London},
   Year = {Oct. 2007} }


@article{caa_1,
   Author = {\mbox{Civil Aviation Authority}},
   Title = {Future Airspace Strategy for the \mbox{United Kingdom} 2011 to 2030},
   Journal = {},
   Volume = {},
   Number = {},
   Pages = {},
   Year = {June 2011} }

@article{ohagan5,
   Author = {F. Colone and D. W. O'Hagan and P. Lombardo and C. J. Baker},
   Title = {A multistage processing algorithm for disturbance removal and target detection in Passive Bistatic Radar},
   Journal = {IEEE Transactions on Aerospace and Electronic Systems},
   Volume = {45},
   Number = {2},
   Pages = {698 - 722},
      Year = {2009} }

@article{ohagan6,
   Author = {D. W. O'Hagan and M. Ummenhofer and H. Kuschel J. Heckenbach},
   Title = {A Passive/Active Dual Mode Radar Concept},
   Journal = {International Radar Symposium, Dresden, Germany},
   Volume = {},
   Number = {},
   Pages = {},
      Year = {June, 2013} }

@book{kitchen,
   Author = {Ronald Kitchen},
   Title = {RF and Microwave Radiation Safety Handbook},
   Pages = {},
   Publisher = {Newnes},
      Year = {2001} }



@book{barton,
   Author = {D. K. Barton},
   Title = {Modern Radar Systems Analysis},
   Pages = {},
   Publisher = {Artech House},
      Year = {1988} }



@book{knott,
   Author = {E. F. Knott},
   Title = {Radar Cross Section 2nd Edition},
   Pages = {},
   Publisher = {Scitech},
      Year = {2003} }


@book{ewell,
   Author = {G. W. Ewell},
   Title = {Bistatic radar cross section measurements, chapter 7 of Techniques of Radar Reflectivity Measurement, (ed. N.C. Currie)},
   Pages = {},
   Publisher = {Artech House},
      Year = {1989} }


@article{tan,
   Author = {D. K. P. Tan and H. Sun and Y. Lu and M. Lesturgie and H. L. Chan},
   Title = {Passive radar using \mbox{Global System for Mobile} communication signal: theory, implementation and measurement},
   Journal = {IEE Proceedings on Radar Sonar and Navigation},
   Volume = {152},
   Number = {3},
   Pages = {116 - 123},
      Year = {2005} }



@article{poullin,
   Author = {D. Poullin},
   Title = {Passive detection using digital broadcasters \mbox{DAB, DVB} with \mbox{COFDM} modulation},
   Journal = {IEE Proceedings on Radar Sonar and Navigation},
   Volume = {152},
   Number = {3},
   Pages = {143 - 152},
      Year = {2005} }



@article{alard,
   Author = {M. Alard and R. Halbert and R. Lassalle},
   Title = {Principles of modulation and channel coding for digital broadcasting for mobile receivers},
   Journal = {EBU Rev. Tech.},
   Volume = {224},
   Number = {},
   Pages = {3 - 25},
      Year = {1987} }




@article{kulpa1,
   Author = {K. S. Kulpa and Z. Czekala},
   Title = {Masking effect and its removal in \mbox{PCL} radar},
   Journal = {IEE Proceedings on Radar Sonar and Navigation},
   Volume = {152},
   Number = {3},
   Pages = {174 - 178},
      Year = {2005} }


@misc{celldar,
   Author = {},
   Title = {Celldar},
   Note = {http://www.roke.co.uk/sensors/stealth/celldar.asp},
         Year = {} }




@book{chern,
   Author = {Mikhail Cherniakov},
   Title = {Bistatic Radar: Emerging Technology},
   Publisher = {John Wiley and Sons Ltd.},
      Year = {2008} }


@book{chern1,
   Author = {Mikhail Cherniakov},
   Title = {Bistatic Radar: Principles and Practice},
   Publisher = {John Wiley and Sons Ltd.},
      Year = {2007} }



@book{dunsmore,
   Author = {M. R. B. Dunsmore},
   Title = {Bistatic Radars, chapter 11 of Advanced radar techniques and systems},
   Publisher = {Peter Peregrinus Ltd.},
      Year = {1993} }




@article{jackson,
   Author = {M. C. Jackson},
   Title = {The geometry of bistatic radar systems},
   Journal = {IEE Proc.},
   Volume = {133},
   Number = {7},
   Pages = {604 - 612},
      Year = {1986} }




@book{kingsley,
   Author = {S. Kingsley and S. T. Quegan},
   Title = {Understanding radar systems},
   Publisher = {William Andrew Publishing},
      Year = {1999} }




@conference{griffiths2003,
   Author = {H. D. Griffiths},
   Title = {From a different perspective: principles, practice and potential of bistatic radar},
   Booktitle = {Proceedings of the International Radar Conference},
   Pages = {1 - 7},
   Year = {2003} }

@article{kuschel1,
author={Kuschel, H.}, 
journal={Electronics Communication Engineering Journal}, 
title={{VHF/UHF} radar Part1: {C}haracteristics}, 
year={2002}, 
month={Apr}, 
volume={14}, 
number={2}, 
pages={61-72}, 
keywords={military radar;radar applications;radar cross-sections;radar detection;FGAN-FHR;German Research Institute for HF Physics and Radar Techniques;RCS;VHF/UHF radar;anti-stealth properties;beyond-the-horizon detection;foliage penetration;low-flying target detection;low-frequency radar;low-frequency range;metric wavelengths;radar cross-section analysis;research;simulations}, 
doi={10.1049/ecej:20020203}, 
ISSN={0954-0695},}
   
@ARTICLE{stand, 
journal={IEEE Std 686-2008 (Revision of IEEE Std 686-1997)}, 
title={IEEE Standard Radar Definitions}, 
year={2008}, 
month={May}, 
pages={c1-41}, 
doi={10.1109/IEEESTD.2008.4530766},}

@article{kell,
   Author = {R. E. Kell},
   Title = {On the derivation of bistatic {RCS} from monostatic measurements},
   Journal = {Proc. IEEE},
   Volume = {53},
   Number = {},
   Pages = {983 - 988},
   Year = {1965} }



@article{kuschel2,
   author={Kuschel, H.}, 
journal={Electronics Communication Engineering Journal}, 
title={{VHF/UHF} radar Part 2: {O}perational aspects and applications}, 
year={2002}, 
month={Jun}, 
volume={14}, 
number={3}, 
pages={101-111}, 
keywords={electromagnetic compatibility;jamming;military radar;radar applications;EMC;FHR experimental radar;LARISSA;VHF/UHF radar;anti-jamming capabilities;densely populated frequency band;electromagnetic compatibility;low-frequency radars;spectral signal-shaping technique;target classification}, 
doi={10.1049/ecej:20020302}, 
ISSN={0954-0695},}


@book{levanon,
   Author = {Nadav Levanon and Eli Mozeson},
   Title = {Radar Signals},
   Publisher = {John Wiley and Sons},
      Year = {2004} }




@article{tsao,
   Author = {T. Tsao and D. Weiner and P. Varshney and H. Schwarzlander and M. Slamani and S. Borek},
   Title = {AMBIGUITY FUNCTION FOR A BISTATIC RADAR},
   Journal = {IEEE Trans. Aerosp. Electron. Syst.},
   Volume = {33},
   Number = {3},
   Pages = {1041 - 1051},
   Year = {1997} }




@article{griffiths2005_2,
   Author = {C. J. Baker and H. D. Griffiths and I. Papoutsis},
   Title = {Passive coherent location radar systems. Part 2: waveform properties},
   Journal = {IEE Proceedings on Radar, Sonar and Navigation},
   Volume = {152},
   Number = {3},
   Pages = {160 - 168},
      Year = {2005} }


@article{ero,
   Author = {H. D. Griffiths and C. J. Baker and H. Gahleb and R. Ramakrishnan and E. Willman},
   Title = {Measurement and analysis of ambiguity functions of off-air signals for passive coherent location},
   Journal = {IEE Electron. Lett.},
   Volume = {39},
   Number = {},
   Pages = {1005 - 1007},
   Year = {2003} }




@book{sweetman,
  title={Lockheed Stealth},
  author={Sweetman, B.},
  isbn={9780760308523},
  series={Evolution of an American Arsenal},
  url={https://books.google.co.za/books?id=fVQRmQo-bfUC},
  year={2001},
  publisher={MBI Publishing Company}
}




@misc{mrr,
   Title = {Manastash Ridge Radar website},
   Note = {http://rrsl.ee.washington.edu/Data},
         Year = {} }




@book{blake,
   Author = {Lamont V. Blake},
   Title = {Radar Range Performance Analysis},
   Publisher = {Munro Publishing},
   Year = {1991} }





@book{cook,
   Author = {C. E. Cook and M. Bernfeld},
   Title = {Radar Signals},
   Publisher = {Academic Press},
      Year = {1965} }






@misc{parsec,
   Title = {Parsec \mbox{L}td.},
   Note = {http://www.parsec.co.za/},
         Year = {} }



@book{martins,
   Author = {A. Martins},
   Title = {User Manual for the UCL Data Acquisition System},
   Publisher = {OpenFuel},
      Year = {2004} }



@article{walt,
   Author = {W. Kester},
   Title = {What the Nyquist Criterion Means to Your Sampled Data System Design},
   Journal = {Analog Devices MT-002 Tutorial},
   Volume = {},
   Number = {},
   Pages = {1 - 12},
   Year = {Oct. 2008} }



@book{john,
   Author = {John Griffiths},
   Title = {Radio Wave Propagation and Antennas: An Introduction},
   Publisher = {Prentice Hall},
      Year = {1987} }




@book{dsp1,
   Author = {S. Stergiopoulos, Editor},
   Title = {Advanced Signal Processing Handbook},
   Publisher = {CRC Press},
      Year = {2001} }

@book{dsp2,
   Author = {G. Blanchet and M. Charbit, Editors},
   Title = {Digital Signal and Image Processing Using Matlab},
   Publisher = {ISTE Ltd.},
      Year = {2006} }


@book{dsp3,
   Author = {E. C. Ifeachor and B. W. Jervis},
   Title = {Digital Signal Processing, 2nd Edition},
   Publisher = {Prentice Hall},
      Year = {2002} }



@book{dsp4,
   Author = {A. D. Poularikas and Z. M. Ramadan},
   Title = {Adaptive Filter Primer with Matlab},
   Publisher = {CRC Press},
      Year = {2006} }



@book{dsp5,
   Author = {P. S. R. Diniz},
   Title = {Adaptive Filtering Algorithms and Practical Implementation, 3rd Edition},
   Publisher = {Springer},
      Year = {2008} }



@misc{jorg,
   Title = {Personal communications},
   Note = {\mbox{J}. Heckenbach, Senior PBR Research Scientist at FGAN},
         Year = {} }




@book{swords,
   Author = {S. S. Swords},
   Title = {Technical History of the Beginnings of Radar},
   Publisher = {The Institute of Engineeting and Technology},
      Year = {1986} }




@book{pozar1,
   Author = {D. M. Pozar},
   Title = {Microwave and RF Design of Wireless Systems},
   Publisher = {Wiley},
      Year = {2000} }



@article{vaughan,
   Author = {R. G. Vaughan and N. L. Scott and D. R. White},
   Title = {The theory of bandpass sampling},
   Journal = {IEEE Trans. on Signal Processing},
   Volume = {39},
   Number = {9},
   Pages = {1973 - 1984},
      Year = {1991} }



@misc{fgan,
   Title = {Personal communications},
   Note = {\mbox{J}. Schell, Senior PBR Development Engineer at FGAN},
         Year = {} }


@misc{jb,
   Title = {Personal communications},
   Note = {\mbox{J}ames Brown, PBR PhD student at UCL},
         Year = {} }

@article{akos,
   Author = {Dennis M. Akos and Michael Stockmaster and James B. Y. Tsui and Joe Caschera},
   Title = {Direct bandpass sampling of multiple distinct RF signals},
   Journal = {IEEE Transactions on Communications},
   Volume = {47},
   Number = {7},
   Pages = {983 - 988},
      Year = {1999} }




@book{tsui,
   Author = {J. B. Tsui},
   Title = {Digital Techniques for Wideband Receivers, 2nd Edition},
   Publisher = {Scitech},
      Year = {2004} }




@conference{colone,
   Author = {F. Colone and R. Cardinali and P. Lombardo},
   Title = {Cancellation of clutter and multipath in passive radar using a sequential approach},
   Booktitle = {IEEE 2006 Radar Conference, Verona (NY), USA},
   Pages = {393 - 399},
   Year = {April 24-27, 2006} }



@conference{kuschel3,
   Author = {H. Kuschel},
   Title = {The influence of location diversity on passive radar performance},
   Booktitle = {\mbox{AoC} $5^{th}$ Multinational Conference of Passive Covert Radar},
   Pages = {},
   Year = {November 2007} }




@conference{lockheed,
   Author = {Denis Freeman},
   Title = {The Silent Sentry system},
   Booktitle = {\mbox{AoC} $5^{th}$ Multinational Conference of Passive Covert Radar},
   Pages = {},
   Year = {November 2007} }



@misc{thales,
   Title = {Homeland Alerter 100 Operational Features},
   Note = {Thales Air Systems publication},
         Year = {June 2007} }




@conference{rickett,
   Author = {Bryan Rickett},
   Title = {CELLDAR},
   Booktitle = {\mbox{AoC} $5^{th}$ Multinational Conference of Passive Covert Radar},
   Pages = {},
   Year = {November 2007} }




@misc{cp,
   Author = {},
   Title = {The Crystal Palace transmitter},
   Note = {http://en.wikipedia.org/wiki/},
         Year = {} }




@misc{modes,
   Author = {},
   Title = {Kinetic Avionics Mode S/ADS-B IFF Recever},
   Note = {http://www.kinetic-avionics.co.uk/sbs-1.php},
         Year = {} }



@book{caspers,
   Author = {J. M. Caspers},
   Title = {Bistatic and Multistatic Radar, chapter 23 of the Radar Handbook (ed. M. I. Skolnik)},
   Publisher = {McGraw-Hill},
   Year = {1970} }





@conference{kuschel4,
   Author = {M. Glende and J. Heckenbach and H. Kuschel and S. Muller and J. Schell and C. Schumacher},
   Title = {Experimental passive radar systems using digital illuminators (\mbox{DAB$/$DVB-T})},
   Booktitle = {International Radar Symposium, Cologne, Germany},
   Pages = {},
   Year = {5 - 7th Sept. 2007} }



@conference{hawkins,
   Author = {J. M. Hawkins},
   Title = {An opportunistic bistatic radar},
   Booktitle={Proceedings of the International Radar Conference},
   Pages = {318 - 22},
   Year = {1997} }




@article{wei,
   Author = {W. C. Li and P. Wei and X. C. Xiao},
   Title = {\mbox{TDOA} and \mbox{T}$^2/$\mbox{R} radar based target location method and performance analysis},
   Journal = {IEE Proceedings on Radar, Sonar and Navigation},
   Volume = {152},
   Number = {3},
   Pages = {219 - 223},
      Year = {2005} }



@article{lanterman,
   Author = {M. Tobias and A. D. Lanterman},
   Title = {Probability hypothesis density-based multitarget tracking with bistatic range and Doppler observations},
   Journal = {IEE Proceedings on Radar, Sonar and Navigation},
   Volume = {152},
   Number = {3},
   Pages = {195 - 205},
      Year = {2005} }




@conference{lockheed1,
   Author = {J. Baniak and G. Baker and A. M. Cunningham and L. Martin},
   Title = {\mbox{Silent Sentry} passive surveillance},
   Booktitle={Aviat. Space Technol.},
   Pages = {},
   Year = {7 June 1999} }
	
	
@book{balanis,
   Author = {Constantine A. Balanis},
   Title = {Antenna Theory: Analysis and Design},
   Publisher = {Wiley-Interscience},
   Year = {2005} }




@book{haykin,
   Author = {Simon Haykin},
   Title = {Adaptive Filter Theory, 3rd Edition},
   Publisher = {Prentice Hall},
      Year = {2002} }


@book{kraus,
   Author = {John D. Kraus},
   Title = {Antennas, 2nd Edition},
   Publisher = {McGraw-Hill Book Company},
      Year = {1988} }
      
@ARTICLE{Brooker_FERS:2011, 
author={Brooker, M. and Inggs, M.}, 
journal={Aerospace and Electronic Systems, IEEE Transactions on}, 
title={A Signal Level Simulator for Multistatic and Netted Radar Systems}, 
year={2011}, 
month={{J}an}, 
volume={47}, 
number={1}, 
pages={178 -186}, 
keywords={CW system;interpolation;monostatic radar;multistatic radar system;netted radar system;phased array radar;pulsed system;radar hardware;radar signal level simulator;radar simulation software;signal transmitted;CW radar;phased array radar;radar signal processing;}, 
doi={10.1109/TAES.2011.5705668}, 
ISSN={0018-9251},}

@misc{FERS:2013,
  title = {{The Flexible Extensible Radar Simulator (FERS)}},
  howpublished = {\url{http://sourceforge.net/projects/fers/}},
  note = {Accessed: 2013/10/11},
  author = {Marc Brooker}
}
			